<?xml version="1.0" encoding="UTF-8"?><record xmlns="http://www.loc.gov/MARC21/slim" xmlns:cinclude="http://apache.org/cocoon/include/1.0" xmlns:zs="http://www.loc.gov/zing/srw/">
  <leader>01040cz  a2200181n  4500</leader>
  <controlfield tag="001">n  83141387 </controlfield>
  <controlfield tag="003">DLC</controlfield>
  <controlfield tag="005">19970314151543.8</controlfield>
  <controlfield tag="008">830929n| acannaab|          |a ana |||  </controlfield>
  <datafield tag="010" ind1=" " ind2=" ">
    <subfield code="a">n  83141387 </subfield>
  </datafield>
  <datafield tag="040" ind1=" " ind2=" ">
    <subfield code="a">DLC</subfield>
    <subfield code="c">DLC</subfield>
    <subfield code="d">DLC</subfield>
  </datafield>
  <datafield tag="110" ind1="1" ind2="0">
    <subfield code="a">Pistoia (Italy).</subfield>
    <subfield code="b">Assessorato agli istituti culturali</subfield>
  </datafield>
  <datafield tag="410" ind1="1" ind2="0">
    <subfield code="w">nnaa</subfield>
    <subfield code="a">Pistoia.</subfield>
    <subfield code="b">Assessorato agli istituti culturali</subfield>
  </datafield>
  <datafield tag="410" ind1="1" ind2="0">
    <subfield code="a">Pistoia (Italy).</subfield>
    <subfield code="b">Istituti culturali, Assessorato agli</subfield>
  </datafield>
  <datafield tag="510" ind1="1" ind2="0">
    <subfield code="w">b</subfield>
    <subfield code="a">Pistoia (Italy).</subfield>
    <subfield code="b">Assessorato alla cultura e agli istituti culturali</subfield>
  </datafield>
  <datafield tag="670" ind1=" " ind2=" ">
    <subfield code="a">Pistoia (Italy). Museo civico. Catalogo del Museo civico, 1977- :</subfield>
    <subfield code="b">v. 1, t.p. (Comune di Pistoia, Assessorato agli istituti culturali)</subfield>
  </datafield>
  <datafield tag="670" ind1=" " ind2=" ">
    <subfield code="a">LC data base, 9-20-83</subfield>
    <subfield code="b">(hdg.: Pistoia. Assessorato agli istituti culturali ; usage: Comune di Pistoia, Assessorato agli istituti culturali)</subfield>
  </datafield>
  <datafield tag="675" ind1=" " ind2=" ">
    <subfield code="a">Le fabbriche della musica, 1996: t.p. verso (Comune di Pistoia, Assessorato alla cultura e agli istituti culturali);</subfield>
    <subfield code="a">Ann. gen. ital., 1995-96: 1235 (under Pistoia: Assessorato ... Cultura ed istituti culturali)</subfield>
  </datafield>
</record>